@book{TheGoProgramingLanguage,
  title={{The Go Programming Language}},
  author={Alan A.A. Donovan, Brian W. Kernighan},
  isbn={978-0134190440},
  year={2015},
  publisher={Addison-Wesley Professional}
}

@book{OperativniSistemi,
  title={{Operativni sistemi}},
  author={Miroslav Marić},
  isbn={978-867589-101-7},
  year={2015},
  publisher={Univerzitet u Beogradu - Matematički fakultet}
}

@book{TheWaytoGo,
  title={{The Way to Go: Introduction to the Go Programming Language}},
  author={Ivo Balbaert},
  isbn={9781469769172},
  year={2012},
  publisher={iUniverse}
}

@book{IntroductionToProgrammingInGo,
  title={{An Introduction to Programming in Go}},
  author={Caleb Doxseyt},
  isbn={978-14783558232},
  year={2012},
  publisher={CreateSpace Independent Publishing Platform}
}

@misc{Golang,
title = {{Golang}},
note = {on-line at: \url{https://golang.org/doc/install}},
    author = {Google},
    year = {2009}
}

@misc{GoLend,
title = {{GoLand}},
note = {on-line at: \url{https://www.jetbrains.com/go/}},
    author = {JetBrains s.r.o.},
    year = {2000-2019}
}


@article{article,
  author  = {Keval Patel}, 
  title   = {Why should you learn Go?},
  journal = {Medium},
  year    = 2017,
  month   = 1,
  note = {on-line at: \url{https://medium.com/@kevalpatel2106/why-should-you-learn-go-f607681fad65}}
}


